<?xml version="1.0" encoding="utf-8"?>
<record xmlns="http://www.loc.gov/MARC21/slim" xmlns:xsi="http://www.w3.org/2001/XMLSchema-instance" xsi:schemaLocation="http://www.loc.gov/MARC21/slim http://www.loc.gov/standards/marcxml/schema/MARC21slim.xsd">
	<leader>     nam a22        4500</leader>
	<controlfield tag="001">b12629340</controlfield>
	<controlfield tag="003">LeBAU</controlfield>
	<controlfield tag="006">m        d        </controlfield>
	<controlfield tag="007">cr cn |||m|||a</controlfield>
	<controlfield tag="008">170926s1909    ua      o     ||0 p ara d</controlfield>
	<datafield ind1=" " ind2=" " tag="040">
		<subfield code="a">NNU</subfield>
		<subfield code="b">ara</subfield>
		<subfield code="e">rda</subfield>
		<subfield code="c">NNU</subfield>
	</datafield>
	<datafield ind1="0" ind2="4" tag="082">
		<subfield code="a">892.78</subfield>
		<subfield code="2">23</subfield>
	</datafield>
	<datafield ind1="1" ind2=" " tag="100">
		<subfield code="6">880-01</subfield>
		<subfield code="a">Taymūrīyah, ʻĀʼishah,</subfield>
		<subfield code="d">1840 or 1841-1902 or 1903,</subfield>
		<subfield code="e">author.</subfield>
	</datafield>
	<datafield ind1="1" ind2="0" tag="245">
		<subfield code="6">880-02</subfield>
		<subfield code="a">al-Dīwān al-muḥyī rufāt al-adab al-bāligh min funūn al-balāghah ghāyat al-irab al-muḥtawī min ḥusn al-barāʻah ʻalá mā bi-hi imtāza al-musammá ṭibqan li-maʻnāhu bi-Ḥilyat al-Ṭirāz /</subfield>
		<subfield code="c">ʻĀ’ishah ‘Iṣmat bint al-marḥūm Ismā‘īl Bāshā Taymūr ; [ṣaḥḥaḥahu] al-Shaykh Sayyid Ḥammād al-Fayyūmī.</subfield>
	</datafield>
	<datafield ind1="3" ind2="0" tag="246">
		<subfield code="6">880-03</subfield>
		<subfield code="a">Ḥilyat al-Ṭirāz</subfield>
	</datafield>
	<datafield ind1=" " ind2="1" tag="264">
		<subfield code="6">880-04</subfield>
		<subfield code="a">Miṣr :</subfield>
		<subfield code="b">al-Maṭbaʻah al-‘Āmirah al-Sharafīyah,</subfield>
		<subfield code="c">1327 H., [1909? M.]</subfield>
	</datafield>
	<datafield ind1=" " ind2=" " tag="300">
		<subfield code="6">880-05</subfield>
		<subfield code="a">online resource (71 pages)</subfield>
	</datafield>
	<datafield ind1=" " ind2=" " tag="336">
		<subfield code="a">text</subfield>
		<subfield code="2">rdacontent</subfield>
	</datafield>
	<datafield ind1=" " ind2=" " tag="337">
		<subfield code="a">computer</subfield>
		<subfield code="2">rdamedia</subfield>
	</datafield>
	<datafield ind1=" " ind2=" " tag="338">
		<subfield code="a">online resource</subfield>
		<subfield code="2">rdacarrier</subfield>
	</datafield>
	<datafield ind1=" " ind2=" " tag="500">
		<subfield code="a">Part of the Arabic Collections Online (ACO) project, contributed by American University of Beirut's Jafet Memorial Library.</subfield>
	</datafield>
	<datafield ind1=" " ind2=" " tag="533">
		<subfield code="a">Electronic reproduction.</subfield>
		<subfield code="b">New York, N.Y. :</subfield>
		<subfield code="c">New York University,</subfield>
		<subfield code="d">2017.</subfield>
		<subfield code="5">NNU</subfield>
	</datafield>
	<datafield ind1=" " ind2="4" tag="655">
		<subfield code="a">شعر.</subfield>
	</datafield>
	<datafield ind1=" " ind2="0" tag="655">
		<subfield code="a">Poetry.</subfield>
	</datafield>
	<datafield ind1="1" ind2=" " tag="700">
		<subfield code="6">880-06</subfield>
		<subfield code="a">Ajmāwī, Ḥammād al-Fayyūmī,</subfield>
		<subfield code="e">corrector.</subfield>
	</datafield>
	<datafield ind1="2" ind2=" " tag="710">
		<subfield code="a">Jafet Memorial Library.</subfield>
	</datafield>
	<datafield ind1="0" ind2=" " tag="730">
		<subfield code="a">Arabic Collections Online.</subfield>
	</datafield>
	<datafield ind1="0" ind2=" " tag="775">
		<subfield code="6">880-07</subfield>
		<subfield code="t">al-Dīwān al-muḥyī rufāt al-adab al-bāligh min funūn al-balāghah ghāyat al-irab al-muḥtawī min ḥusn al-barāʻah ʻalá mā bi-hi imtāza al-musammá ṭibqan li-maʻnāhu bi-Ḥilyat al-Ṭirāz</subfield>
		<subfield code="d">Miṣr : al-Maṭbaʻah al-‘Āmirah al-Sharafīyah, 1885</subfield>
		<subfield code="w">(OCoLC)784404052</subfield>
		<subfield code="w">(OCoLC)784404052</subfield>
	</datafield>
	<datafield ind1="0" ind2="8" tag="776">
		<subfield code="i">Print version:</subfield>
		<subfield code="a">Taymūrīyah, ʻĀʼishah, 1840 or 1841-1902 or 1903, author.</subfield>
		<subfield code="t">al-Dīwān al-muḥyī rufāt al-adab al-bāligh min funūn al-balāghah ghāyat al-irab al-muḥtawī min ḥusn al-barāʻah ʻalá mā bi-hi imtāza al-musammá ṭibqan li-maʻnāhu bi-Ḥilyat al-Ṭirāz</subfield>
		<subfield code="w">(LeBAU)b12629340</subfield>
	</datafield>
	<datafield ind1="4" ind2="0" tag="856">
		<subfield code="u">http://hdl.handle.net/2333.1/qrfj6wgk</subfield>
	</datafield>
	<datafield ind1="1" ind2=" " tag="880">
		<subfield code="6">100-01/(3/r</subfield>
		<subfield code="a">التيمورية، عائشة،</subfield>
		<subfield code="d">1840 أو 1841-1902 أو 1903،</subfield>
		<subfield code="e">مؤلف. </subfield>
		<subfield code="4">aut.</subfield>
	</datafield>
	<datafield ind1="1" ind2="3" tag="880">
		<subfield code="6">245-02/(3/r</subfield>
		<subfield code="a">الديوان المحي رفات الأدب البالغ من فنون البلاغة غاية الإرب المحتوي من حسن البراعة على ما به إمتاز المسمى طبقأ لمعناه بحلية الطراز /</subfield>
		<subfield code="c">عائشة عصمت بنت المرحوم إسماعيل باشا تيمور ؛ [صححه] الشيخ سيد حماد الفيومي.</subfield>
	</datafield>
	<datafield ind1="3" ind2="0" tag="880">
		<subfield code="6">246-03/(3/r</subfield>
		<subfield code="a">حلية الطراز</subfield>
	</datafield>
	<datafield ind1=" " ind2="1" tag="880">
		<subfield code="6">264-04/(3/r</subfield>
		<subfield code="a">مصر :</subfield>
		<subfield code="b">المطبعة العامرة الشرفية،</subfield>
		<subfield code="c">1327هـ.، [1909؟ م.]</subfield>
	</datafield>
	<datafield ind1=" " ind2=" " tag="880">
		<subfield code="6">300-05/(3/r</subfield>
		<subfield code="a">71 صفحة ؛</subfield>
		<subfield code="c">24 سم</subfield>
	</datafield>
	<datafield ind1="1" ind2=" " tag="880">
		<subfield code="6">700-06/(3/r</subfield>
		<subfield code="a">العجماوي، حماد الفيومي،</subfield>
		<subfield code="e">مصحح.</subfield>
	</datafield>
	<datafield ind1="0" ind2=" " tag="880">
		<subfield code="6">775-07/(3/r</subfield>
		<subfield code="t">الديوان المحي رفات الأدب البالغ من فنون البلاغة غاية الإرب المحتوي من حسن البراعة على ما به إمتاز المسمى طبقأ لمعناه بحلية الطراز</subfield>
		<subfield code="d">مصر : المطبعة العامرة الشرفية، 1885</subfield>
		<subfield code="w">b12554224</subfield>
		<subfield code="w">(OCoLC)784404052</subfield>
	</datafield>
	<datafield ind1=" " ind2=" " tag="959">
		<subfield code="a">NNU</subfield>
		<subfield code="b">WEB</subfield>
		<subfield code="c">GENI</subfield>
		<subfield code="t">0</subfield>
		<subfield code="m">Electronic access</subfield>
		<subfield code="s">01</subfield>
	</datafield>
	<datafield ind1=" " ind2=" " tag="999">
		<subfield code="i">LeBAU_b12629340</subfield>
		<subfield code="s">aub_aco001253</subfield>
		<subfield code="e">(ERROR-MISC)</subfield>
	</datafield>
</record>
